
@article{zhao2003face,
  title={Face recognition: A literature survey},
  author={Zhao, Wenyi and Chellappa, Rama and Phillips, P Jonathon and Rosenfeld, Azriel},
  journal={ACM Computing Surveys},
  volume={35},
  number={4},
  pages={399--458},
  year={2003}
}

@inproceedings{ali2016overview,
  title={Overview of fingerprint recognition system},
  author={Ali, Mouad MH and Mahale, Vivek H and Yannawar, Pravin and Gaikwad, AT},
  booktitle={Proc. IEEE International Conference on Electrical, Electronics, and Optimization Techniques (ICEEOT)},
  pages={1334--1338},
  year={2016}
}

@article{hong1998fingerprint,
  title={Fingerprint image enhancement: algorithm and performance evaluation},
  author={Hong, Lin and Wan, Yifei and Jain, Anil},
  journal={IEEE Transactions on Pattern Analysis and Machine Intelligence},
  volume={20},
  number={8},
  pages={777--789},
  year={1998}
}

@inproceedings{tisse2002person,
  title={Person identification technique using human iris recognition},
  author={Tisse, Christel-loic and Martin, Lionel and Torres, Lionel and Robert, Michel and others},
  booktitle={Proc. Vision Interface},
  volume={294},
  number={299},
  pages={294--299},
  year={2002}
}

@inproceedings{goller2014fusing,
  title={Fusing RFID and computer vision for probabilistic tag localization},
  author={Goller, Michael and Feichtenhofer, Christoph and Pinz, Axel},
  booktitle={Proc. IEEE International Conference on RFID},
  pages={89--96},
  year={2014}
}

@inproceedings{isasi2010location,
  title={Location, tracking and identification with RFID and vision data fusion},
  author={Isasi, Alberto and Rodriguez, Sergio and De Armentia, Juan Lopez and Villodas, Aritz},
  booktitle={Proc. European Workshop on Smart Objects: Systems, Technologies and Applications},
  pages={1--6},
  year={2010}
}

@inproceedings{schwiegelshohn2013localization,
  title={Localization based on fusion of rfid and stereo image data},
  author={Schwiegelshohn, Fynn and Nick, Theresa and G{\"o}tze, J{\"u}rgen},
  booktitle={Proc. IEEE Workshop on Positioning, Navigation and Communication (WPNC)},
  pages={1--6},
  year={2013}
}

@article{germa2010vision,
  title={Vision and RFID data fusion for tracking people in crowds by a mobile robot},
  author={Germa, Thierry and Lerasle, Fr{\'e}d{\'e}ric and Ouadah, Noureddine and Cadenat, Viviane},
  journal={Computer Vision and Image Understanding},
  volume={114},
  number={6},
  pages={641--651},
  year={2010},
  publisher={Elsevier}
}

@inproceedings{spinello2011people,
  title={People detection in RGB-D data},
  author={Spinello, Luciano and Arras, Kai O},
  booktitle={Proc. IEEE/RSJ International Conference on Intelligent Robots and Systems},
  pages={3838--3843},
  year={2011}
}

@article{munaro2014fast,
  title={Fast RGB-D people tracking for service robots},
  author={Munaro, Matteo and Menegatti, Emanuele},
  journal={Autonomous Robots},
  volume={37},
  number={3},
  pages={227--242},
  year={2014},
  publisher={Springer}
}

@inproceedings{yan2017online,
  title={Online learning for human classification in 3d lidar-based tracking},
  author={Yan, Zhi and Duckett, Tom and Bellotto, Nicola},
  booktitle={Proc. IEEE/RSJ International Conference on Intelligent Robots and Systems},
  pages={864--871},
  year={2017}
}

@inproceedings{shackleton2010tracking,
  title={Tracking people with a 360-degree lidar},
  author={Shackleton, John and VanVoorst, Brian and Hesch, Joel},
  booktitle={Proc. IEEE International Conference on Advanced Video and Signal Based Surveillance},
  pages={420--426},
  year={2010}
}

@inproceedings{kidono2011pedestrian,
  title={Pedestrian recognition using high-definition LIDAR},
  author={Kidono, Kiyosumi and Miyasaka, Takeo and Watanabe, Akihiro and Naito, Takashi and Miura, Jun},
  booktitle={Proc. IEEE Intelligent Vehicles Symposium},
  pages={405--410},
  year={2011}
}

@inproceedings{przybyla2017detection,
  title={Detection and tracking of 2d geometric obstacles from lrf data},
  author={Przyby{\l}a, Mateusz},
  booktitle={Proc. IEEE International Workshop on Robot Motion and Control},
  pages={135--141},
  year={2017}
}

@inproceedings{taipalus2011human,
  title={Human detection and tracking with knee-high mobile 2D LIDAR},
  author={Taipalus, Tapio and Ahtiainen, Juhana},
  booktitle={Proc. IEEE International Conference on Robotics and Biomimetics},
  pages={1672--1677},
  year={2011}
}

@inproceedings{leigh2015person,
  title={Person tracking and following with 2d laser scanners},
  author={Leigh, Angus and Pineau, Joelle and Olmedo, Nicolas and Zhang, Hong},
  booktitle={Proc. IEEE International Conference on Robotics and Automation},
  pages={726--733},
  year={2015}
}

@inproceedings{apostolof2007you,
  title={Who Are You?-Real-time Person Identification},
  author={Apostolof, Nicholas and Zisserman, Andrew},
  booktitle={Proc. BMVC},
  pages={1--10},
  year={2007}
}

@inproceedings{shoemake1985animating,
  title={Animating rotation with quaternion curves},
  author={Shoemake, Ken},
  booktitle={Proc. ACM SIGGRAPH},
  pages={245--254},
  year={1985}
}

@article{hirschberg1975linear,
  title={A linear space algorithm for computing maximal common subsequences},
  author={Hirschberg, Daniel S},
  journal={Communications of the ACM},
  volume={18},
  number={6},
  pages={341--343},
  year={1975},
  publisher={ACM}
}

@article{toohey2015trajectory,
  title={Trajectory similarity measures},
  author={Toohey, Kevin and Duckham, Matt},
  journal={Sigspatial Special},
  volume={7},
  number={1},
  pages={43--50},
  year={2015},
  publisher={ACM}
}

@inproceedings{berndt1994using,
  title={Using dynamic time warping to find patterns in time series.},
  author={Berndt, Donald J and Clifford, James},
  booktitle={Proc. KDD workshop},
  pages={359--370},
  year={1994}
}

@article{kuhn1955hungarian,
  title={The Hungarian method for the assignment problem},
  author={Kuhn, Harold W},
  journal={Naval Research Logistics Quarterly},
  volume={2},
  number={1-2},
  pages={83--97},
  year={1955},
  publisher={Wiley Online Library}
}

@inproceedings{bernardin2006multiple,
  title={Multiple object tracking performance metrics and evaluation in a smart room environment},
  author={Bernardin, Keni and Elbs, Alexander and Stiefelhagen, Rainer},
  booktitle={Proc. IEEE International Workshop on Visual Surveillance, in conjunction with ECCV},
  pages={1--8},
  year={2006}
}

@inproceedings{teixeira2010tasking,
  title={Tasking networked cctv cameras and mobile phones to identify and localize multiple people},
  author={Teixeira, Thiago and Jung, Deokwoo and Savvides, Andreas},
  booktitle={Proc. ACM International Conference on Ubiquitous Computing},
  pages={213--222},
  year={2010}
}

@inproceedings{parkhi2015deep,
  title={Deep face recognition},
  author={Parkhi, Omkar M and Vedaldi, Andrea and Zisserman, Andrew and others},
  booktitle={Proc. British Machine Vision Conference},
  volume={1},
  number={3},
  pages={6},
  year={2015}
}

@article{collins2000system,
  title={A system for video surveillance and monitoring},
  author={Collins, Robert T and others},
  journal={VSAM final report},
  pages={1--68},
  year={2000},
  publisher={Carnegie Mellon Univ.}
}

@article{wang2013intelligent,
  title={Intelligent multi-camera video surveillance: A review},
  author={Wang, Xiaogang},
  journal={Pattern Recognition Letters},
  volume={34},
  number={1},
  pages={3--19},
  year={2013}
}

@article{harrap2010overview,
  title={An overview of LIDAR: collection to application},
  author={Harrap, Rob and Lato, Matt},
  journal={Norway},
  year={2010}
}

@article{stanislaw1999calculation,
  title={Calculation of signal detection theory measures},
  author={Stanislaw, Harold and Todorov, Natasha},
  journal={Behavior Research Methods, Instruments,  Computers},
  volume={31},
  number={1},
  pages={137--149},
  year={1999}
}